@article{Estes2017Aug,
  author = {Estes, Adam Clark},
  title = {{The Guy Who Invented Those Annoying Password Rules Now Regrets 
           Wasting Your Time}},
  journal = {Gizmodo},
  year = {2017},
  month = 8,
  publisher = {Gizmodo},
  url = 
  {https://gizmodo.com/the-guy-who-invented-those-annoying-password-rules-now-1797643987}
  }
